<record><leader>00000cas a22000007a 4500</leader><controlfield tag="001">20109930</controlfield><controlfield tag="008">890801d18861917mouwr ne      0    0eng d</controlfield><datafield ind1=" " ind2=" " tag="010"><subfield code="a">sn 89066892 </subfield></datafield><datafield ind1=" " ind2=" " tag="040"><subfield code="a">MQN</subfield><subfield code="b">eng</subfield><subfield code="c">MQN</subfield><subfield code="d">OCLCQ</subfield></datafield><datafield ind1=" " ind2=" " tag="042"><subfield code="a">msc</subfield></datafield><datafield ind1="0" ind2="0" tag="245"><subfield code="a">Stone County oracle.</subfield></datafield><datafield ind1=" " ind2=" " tag="260"><subfield code="a">Galena, Mo. :</subfield><subfield code="b">Tromly &amp; Son,</subfield><subfield code="c">-1917.</subfield></datafield><datafield ind1=" " ind2=" " tag="300"><subfield code="a">v.</subfield></datafield><datafield ind1=" " ind2=" " tag="310"><subfield code="a">Weekly</subfield></datafield><datafield ind1="1" ind2=" " tag="362"><subfield code="a">Began in 1886?</subfield></datafield><datafield ind1="0" ind2=" " tag="362"><subfield code="a">-v. 33, no. 8 (May 9, 1917).</subfield></datafield><datafield ind1=" " ind2=" " tag="588"><subfield code="a">Description based on: Vol. 15, no. 46 (Mar. 13, 1902).</subfield></datafield><datafield ind1=" " ind2=" " tag="752"><subfield code="a">United States</subfield><subfield code="b">Missouri</subfield><subfield code="c">Stone</subfield><subfield code="d">Galena.</subfield></datafield><datafield ind1="0" ind2="7" tag="785"><subfield code="t">Stone County news</subfield><subfield code="w">(DLC)sn 89066891</subfield></datafield><datafield ind1="0" ind2="7" tag="785"><subfield code="t">Stone County news-oracle</subfield><subfield code="w">(DLC)sn 89066890</subfield></datafield></record>